@online{chudler,
    author = "Eric H. Chudler",
    title = {Brain Facts and Figures},
    url = "http://faculty.washington.edu/chudler/facts.html",
    addendum = "(accessed: 2024-06-22)",
}

@online{so:krisw,
    author = "geoff and KrisW",
    title = {Why is "x" used as an abbreviation for nouns, like "Tx" for "transmit"?},
    url = "https://english.stackexchange.com/questions/377483/why-is-x-used-as-an-abbreviation-for-nouns-like-tx-for-transmit",
    addendum = "(accessed: 2024-06-21)",
    keywords = "stackoverflow,terminology,history",
}
