@online{arduino:reference,
    title = {Arduino Language Reference},
    url = "https://www.arduino.cc/reference/en/language/functions/communication/serial/",
    addendum = "(accessed: 2024-06-22)",
    keywords = "arduino,reference,documentation",
}

@online{audacityteam:sample-rates,
    author = "Audacity Team",
    title = {Sample Rates},
    url = "https://manual.audacityteam.org/man/sample_rates.html",
    addendum = "(accessed: 2024-12-14)",
    keywords = "adc,digital audio processing",
}

@online{chudler,
    author = "Eric H. Chudler",
    title = {Brain Facts and Figures},
    url = "http://faculty.washington.edu/chudler/facts.html",
    addendum = "(accessed: 2024-06-22)",
}

@online{fluke:multimeter,
    title = {Why digital multimeter accuracy and precision matter},
    url = "https://www.fluke.com/en-us/learn/blog/digital-multimeters/accuracy-precision",
    addendum = "(accessed: 2024-06-23)",
    keywords = "electronics,tools",
}

@online{so:krisw,
    author = "geoff and KrisW",
    title = {Why is "x" used as an abbreviation for nouns, like "Tx" for "transmit"?},
    url = "https://english.stackexchange.com/questions/377483/why-is-x-used-as-an-abbreviation-for-nouns-like-tx-for-transmit",
    addendum = "(accessed: 2024-06-21)",
    keywords = "stackoverflow,terminology,history",
}

@online{so:simulator-vs-emulator,
    author = "Khaled Alshaya and Toybuilder",
    title = {Simulator or Emulator? What is the difference?},
    url = "https://stackoverflow.com/questions/1584617/simulator-or-emulator-what-is-the-difference",
    addendum = "(accessed: 2024-09-22)",
    keywords = "stackoverflow,computer science",
}
